<?xml version="1.0" encoding="utf-8"?>
<record xmlns="http://www.loc.gov/MARC21/slim" xmlns:xsi="http://www.w3.org/2001/XMLSchema-instance" xsi:schemaLocation="http://www.loc.gov/MARC21/slim http://www.loc.gov/standards/marcxml/schema/MARC21slim.xsd">
	<leader>     nam a22        4500</leader>
	<controlfield tag="001">2980716</controlfield>
	<controlfield tag="003">NNC</controlfield>
	<controlfield tag="006">m        d        </controlfield>
	<controlfield tag="007">cr cn |||m|||a</controlfield>
	<controlfield tag="008">171205s1896    ua      o     000 0 ara d</controlfield>
	<datafield ind1=" " ind2=" " tag="040">
		<subfield code="a">NNU</subfield>
		<subfield code="b">eng</subfield>
		<subfield code="e">rda</subfield>
		<subfield code="c">NNU</subfield>
	</datafield>
	<datafield ind1="1" ind2="4" tag="050">
		<subfield code="a">PJ7726</subfield>
		<subfield code="b">.Q5</subfield>
	</datafield>
	<datafield ind1="0" ind2="0" tag="245">
		<subfield code="6">880-01</subfield>
		<subfield code="a">Qiṣṣat al-tājir ʻAlī Nūr-al-Din al-Miṣ̄rī wa-mā jarā lahū maʻa jāriyatihī Maryam al-Zunnārīyah bint malik Afranjah wamā fīhā min al-ʻajāʼ ib ʻalá al-tamām.</subfield>
	</datafield>
	<datafield ind1="3" ind2=" " tag="246">
		<subfield code="6">880-02</subfield>
		<subfield code="a">Tājir ʻAlī Nūr-al-Dīn al-Miṣrī</subfield>
	</datafield>
	<datafield ind1=" " ind2=" " tag="260">
		<subfield code="6">880-03</subfield>
		<subfield code="a">[Miṣr] :</subfield>
		<subfield code="b">al-Maṭbaʻah al-ʻĀmirah al-Sharafīyah,</subfield>
		<subfield code="c">1314 h. [1896]</subfield>
	</datafield>
	<datafield ind1=" " ind2=" " tag="300">
		<subfield code="a">online resource (63 pages)</subfield>
	</datafield>
	<datafield ind1=" " ind2=" " tag="336">
		<subfield code="a">text</subfield>
		<subfield code="2">rdacontent</subfield>
	</datafield>
	<datafield ind1=" " ind2=" " tag="337">
		<subfield code="a">computer</subfield>
		<subfield code="2">rdamedia</subfield>
	</datafield>
	<datafield ind1=" " ind2=" " tag="338">
		<subfield code="a">online resource</subfield>
		<subfield code="2">rdacarrier</subfield>
	</datafield>
	<datafield ind1=" " ind2=" " tag="500">
		<subfield code="a">Part of the Arabic Collections Online (ACO) project, contributed by Columbia University Libraries.</subfield>
	</datafield>
	<datafield ind1=" " ind2=" " tag="533">
		<subfield code="a">Electronic reproduction.</subfield>
		<subfield code="b">New York, N.Y. :</subfield>
		<subfield code="c">New York University,</subfield>
		<subfield code="d">2017.</subfield>
		<subfield code="5">NNU</subfield>
	</datafield>
	<datafield ind1=" " ind2="0" tag="650">
		<subfield code="6">880-04</subfield>
		<subfield code="a">Arabs</subfield>
		<subfield code="x">Folklore.</subfield>
	</datafield>
	<datafield ind1=" " ind2="7" tag="650">
		<subfield code="a">Arabs.</subfield>
		<subfield code="2">fast</subfield>
		<subfield code="0">(OCoLC)fst00812576</subfield>
	</datafield>
	<datafield ind1=" " ind2="7" tag="655">
		<subfield code="a">Folklore.</subfield>
		<subfield code="2">fast</subfield>
		<subfield code="0">(OCoLC)fst01423784</subfield>
	</datafield>
	<datafield ind1="1" ind2=" " tag="700">
		<subfield code="6">880-05</subfield>
		<subfield code="a">ʻAli Nūr-al-Dīn al-Miṣri.</subfield>
	</datafield>
	<datafield ind1="1" ind2=" " tag="700">
		<subfield code="6">880-06</subfield>
		<subfield code="a">Maryam al-Zunnārīyah.</subfield>
	</datafield>
	<datafield ind1="2" ind2=" " tag="710">
		<subfield code="a">Columbia University.</subfield>
		<subfield code="b">Libraries.</subfield>
	</datafield>
	<datafield ind1="0" ind2=" " tag="730">
		<subfield code="a">Arabic Collections Online.</subfield>
	</datafield>
	<datafield ind1="0" ind2="8" tag="776">
		<subfield code="6">880-07</subfield>
		<subfield code="i">Online version:</subfield>
		<subfield code="t">Qiṣṣat al-tājir ʻAlī Nūr-al-Din al-Mis̄rī wa-mā jarā lahū maʻa jāriyatihī Maryam al-Zunnārīyah bint malik Afranjah wamā fīhā min al-ʻajāʼ ib ʻalā al-tamām.</subfield>
		<subfield code="d">[Miṣr] al-Maṭbaʻah al-ʻAmirah al-Sharafīyah, 1314 h. [1896]</subfield>
		<subfield code="w">(OCoLC)655692798</subfield>
	</datafield>
	<datafield ind1="0" ind2="8" tag="776">
		<subfield code="i">Print version:</subfield>
		<subfield code="t">Qiṣṣat al-tājir ʻAlī Nūr-al-Din al-Miṣ̄rī wa-mā jarā lahū maʻa jāriyatihī Maryam al-Zunnārīyah bint malik Afranjah wamā fīhā min al-ʻajāʼ ib ʻalá al-tamām</subfield>
		<subfield code="w">(NNC)2980716</subfield>
		<subfield code="w">(OCoLC)46310557</subfield>
	</datafield>
	<datafield ind1="4" ind2="0" tag="856">
		<subfield code="u">http://hdl.handle.net/2333.1/rn8pk629</subfield>
	</datafield>
	<datafield ind1="0" ind2="0" tag="880">
		<subfield code="6">245-01/r</subfield>
		<subfield code="a">قصة التاجر علي نورالدن المصري وما جرى له مع جاريته مريم الزنارية بنت ملك افرنجة وما فيها من العجائب على التمام.</subfield>
	</datafield>
	<datafield ind1="3" ind2=" " tag="880">
		<subfield code="6">246-02/r</subfield>
		<subfield code="a">تاجر علي نورالدين المصري</subfield>
	</datafield>
	<datafield ind1=" " ind2=" " tag="880">
		<subfield code="6">260-03/r</subfield>
		<subfield code="a">[مصر] :</subfield>
		<subfield code="b">المطبعة العامرة الشرفية،</subfield>
		<subfield code="c">1314 ه. [1896]</subfield>
	</datafield>
	<datafield ind1=" " ind2="4" tag="880">
		<subfield code="6">650-04/r</subfield>
		<subfield code="a">العرب</subfield>
		<subfield code="x">التراث الشعبي.</subfield>
	</datafield>
	<datafield ind1="1" ind2=" " tag="880">
		<subfield code="6">700-05/r</subfield>
		<subfield code="a">علي نورالدين المصري.</subfield>
	</datafield>
	<datafield ind1="1" ind2=" " tag="880">
		<subfield code="6">700-06/r</subfield>
		<subfield code="a">مريم الزنارية.</subfield>
	</datafield>
	<datafield ind1="0" ind2="8" tag="880">
		<subfield code="6">776-07/r</subfield>
		<subfield code="i">Online version:</subfield>
		<subfield code="t">قصة التاجر علي نورالدن المصري وما جرى له مع جاريته مريم الزنارية بنت ملك افرنجة وما فيها من العجائب على التمام.</subfield>
		<subfield code="d">[مصر] المطبعة العمرة الشرفية، 1314 ه. [1896]</subfield>
		<subfield code="w">(ل)655692798</subfield>
	</datafield>
	<datafield ind1=" " ind2=" " tag="959">
		<subfield code="a">NNU</subfield>
		<subfield code="b">WEB</subfield>
		<subfield code="c">GENI</subfield>
		<subfield code="t">0</subfield>
		<subfield code="m">Electronic access</subfield>
		<subfield code="s">01</subfield>
	</datafield>
	<datafield ind1=" " ind2=" " tag="999">
		<subfield code="i">NNC_2980716</subfield>
		<subfield code="o">(OCoLC)ocm46310557</subfield>
		<subfield code="s">columbia_aco002618</subfield>
		<subfield code="e">(ERROR-880)</subfield>
		<subfield code="s">columbia_aco002618</subfield>
	</datafield>
</record>
